<record><leader>00000cas a22000007a 4500</leader><controlfield tag="001">38953163</controlfield><controlfield tag="008">980415d197819uuvauwr ne      0    0eng d</controlfield><datafield ind1=" " ind2=" " tag="010"><subfield code="a">sn 98068344 </subfield></datafield><datafield ind1=" " ind2=" " tag="040"><subfield code="a">NVK</subfield><subfield code="b">eng</subfield><subfield code="c">NVK</subfield><subfield code="d">OCLCQ</subfield><subfield code="d">OCLCF</subfield><subfield code="d">OCLCO</subfield></datafield><datafield ind1="1" ind2=" " tag="029"><subfield code="a">AU@</subfield><subfield code="b">000013904160</subfield></datafield><datafield ind1=" " ind2=" " tag="042"><subfield code="a">msc</subfield></datafield><datafield ind1=" " ind2=" " tag="043"><subfield code="a">n-us-va</subfield></datafield><datafield ind1="0" ind2=" " tag="130"><subfield code="a">King George progress (King George, Va. : 1978)</subfield></datafield><datafield ind1="1" ind2="4" tag="245"><subfield code="a">The King George progress.</subfield></datafield><datafield ind1=" " ind2=" " tag="260"><subfield code="a">King George, Va. :</subfield><subfield code="b">Atlantic Publications,</subfield><subfield code="c">1978-</subfield></datafield><datafield ind1=" " ind2=" " tag="300"><subfield code="a">v.</subfield></datafield><datafield ind1=" " ind2=" " tag="310"><subfield code="a">Weekly</subfield></datafield><datafield ind1="0" ind2=" " tag="362"><subfield code="a">Vol. 1, no. 1 (Dec. 6, 1978)-</subfield></datafield><datafield ind1=" " ind2=" " tag="580"><subfield code="a">By Dec. 1978 Atlantic Publications, Inc. also published: Spotsylvania progress; Caroline progress (Bowling Green, Va.); Westmoreland news; and Tidewater review.</subfield></datafield><datafield ind1=" " ind2="0" tag="651"><subfield code="a">King George (Va.)</subfield><subfield code="v">Newspapers.</subfield></datafield><datafield ind1=" " ind2="0" tag="651"><subfield code="a">King George County (Va.)</subfield><subfield code="v">Newspapers.</subfield></datafield><datafield ind1=" " ind2="7" tag="655"><subfield code="a">Newspapers.</subfield><subfield code="2">fast</subfield><subfield code="0">(OCoLC)fst01423814</subfield></datafield><datafield ind1=" " ind2="7" tag="651"><subfield code="a">Virginia</subfield><subfield code="z">King George.</subfield><subfield code="2">fast</subfield><subfield code="0">(OCoLC)fst01247819</subfield></datafield><datafield ind1=" " ind2="7" tag="651"><subfield code="a">Virginia</subfield><subfield code="z">King George County.</subfield><subfield code="2">fast</subfield><subfield code="0">(OCoLC)fst01206682</subfield></datafield><datafield ind1=" " ind2=" " tag="752"><subfield code="a">United States</subfield><subfield code="b">Virginia</subfield><subfield code="c">King George</subfield><subfield code="d">King George.</subfield></datafield><datafield ind1="1" ind2=" " tag="775"><subfield code="t">Spotsylvania progress</subfield><subfield code="w">(DLC)sn 98068336</subfield></datafield><datafield ind1="1" ind2=" " tag="775"><subfield code="t">Caroline progress (Bowling Green, Va.)</subfield><subfield code="w">(DLC)sn 94060151</subfield></datafield><datafield ind1="1" ind2=" " tag="775"><subfield code="t">Westmoreland news</subfield><subfield code="w">(DLC)sn 98068083</subfield></datafield><datafield ind1="1" ind2=" " tag="775"><subfield code="t">Tidewater review</subfield><subfield code="w">(DLC)sn 86071902</subfield></datafield><datafield ind1="0" ind2="7" tag="780"><subfield code="t">Tri-county times (Fredericksburg, Va.)</subfield><subfield code="w">(DLC)sn 98068076</subfield></datafield></record>